% This BibTeX bibliography file was created using BibDesk.
% http://bibdesk.sourceforge.net/
% Created for virinha at 2013-02-11 14:53:32 -0300 
% Saved with string encoding Unicode (UTF-8) 


% Referencia Artigo 
@article{riehle2012single,
  title	={The single-vendor commercial open course business model},
  author={Riehle, Dirk},
  journal={Information Systems and e-Business Management},
  volume={10},
  number={1},
  pages={5--17},
  year={2012},
  publisher={Springer}
}

@article{SUSE,
  title={SuSE Linux 9.1 - O poderoso e vers{\'a}til Linux da Novell},
  author={Zanetti, Diogo G.},
  journal={Viva o Linux},
  volume={1},
  number={1},
  pages={1--6},
  year={2004},
  publisher={Viva o Linux}
}

@url{Campos:2016,
  author = {Augusto Campos},
  title = {O que {\'e} software livre},
  year = {2006},
  note = {http://br-linux.org/linux/faq-softwarelivre}
}

@url{Jose:2016,
author = {Jos{\'e} Silva},
  title = {Economia e liberdade: o software livre une o {\'u}til ao agrad{\'a}vel},
  year = {2009},
  note = {https://www.vivaolinux.com.br/artigo/Economia-e-liberdade-o-software-livre-une-o-util-ao-agradavel}
}


@url{Brodkin,
  author = {Jon Brodkin},
  title = {Ubuntu maker boosted revenue in 2013 but doubled loss to \$21 million}.
  year = {2014},
  note = {http://arstechnica.com/business/2014/01/ubuntu-maker-boosted-revenue-in-2013-but-doubled-loss-to-21-million/}
}

@url{Red,
  author = {Red Hat},
  title = {"RED HAT INC 2014 Annual Report Form (10-K)"}.
  year = {2014},
  note = {http://www.sec.gov/Archives/edgar/data/1087423/000119312514157171/0001193125-14-157171-index.htm}
}

@url{Mozilla,
  author = {Mozilla},
  title = {INDEPENDENT AUDITORS? REPORT AND CONSOLIDATED FINANCIAL STATEMENTS}.
  year = {2013},
  note = {https://static.mozilla.com/moco/en-US/pdf/Mozilla_Audited_Financials_2014.pdf}
}

@url{Hecker:2016,
  author = {Frank Hecker},
  title = {Setting Up Shop: The Business of Open-Source Software},
  year = {2000},
  note = {http://hecker.org/writings/setting-up-shop}
}

@url{Castro,
  author = {Davi de Castro},
  title = {Entenda por que software livre {\'e} mais seguro},
  year = {2015},
  note = {http://www.ebc.com.br/tecnologia/2015/07/entenda-por-que-software-livre-e-mais-seguro-que-software-proprietario}
}

@url{RHEL,
  author = {Red Hat},
  title = {Red Hat Enterprise Linux},
  year = {2016},
  note = {https://www.redhat.com/en/technologies/linux-platforms/enterprise-linux}
}

@url{Google,
  author = {Terra},
  title = {Google paga US\$ 900 mi para ser buscador padr{\~a}o do Firefox},
  year = {2016},
  note = {https://tecnologia.terra.com.br/negocios-e-ti/google-paga-us-900-mi-para-ser-buscador-padrao-do-firefox,13a8e194c2bda310VgnCLD200000bbcceb0aRCRD.html}
}

@url{Gorokhova,
  author = {Alisa Gorokhova},
  title = {Software as a Product vs. Software as a Service},
  year = {2016},
  note = {https://blog.bynder.com/en/knowledge/our-blog/software-as-a-product-vs-software-as-a-service}
}

@url{Ricardo,
  author = {Antonio Ricardo},
  title = {O que e SaaS, IaaS e PaaS em Cloud Computing? (Conceitos basicos)},
  year = {2013},
  note = {https://antonioricardo.org/2013/03/28/o-que-e-saas-iaas-e-paas-em-cloud-computing-conceitos-basicos/}
}

@url{FSF,
  author = {Free Software Foundation},
  title = {O que {\'e} o software livre?},
  year = {2016},
  note = {https://www.gnu.org/philosophy/free-sw.pt-br.html}
}

@url{Softex,
  author = {Softex},
  title = {Software Livre: Tend{\^e}ncias, oportunidades, desafios.},
  year = {2013},
  note = {http://www.softex.br/wp-content/uploads/2016/04/caderno-tematico-software-livre.pdf}
}

@url{Tadeu,
  author = {Erivelto Tadeu},
  title = {Receita de fabricantes de software com SaaS cresce 60\% em um ano e atinge US\$ 20 bi},
  year = {2014},
  note = {http://convergecom.com.br/tiinside/18/03/2014/receita-de-fabricantes-de-software-com-saas-cresce-60-e-atinge-us-20-bilhoes/}
}

@url{Giz,
  author = {Felipe Ventura},
  title = {Apple e Google querem que voc{\^e} pague por assinatura em apps},
  year = {2016},
  note = {http://gizmodo.uol.com.br/apple-google-assinatura-apps/}
}

@url{Open,
  author = {Openstack},
  title = {What is OpenStack?},
  year = {2016},
  note = {https://www.openstack.org/software/}
}

@url{Visible:2016,
	author	= {Comunity},
	title	= {Software License},
	year	= {-},
	note	= {https://en.wikipedia.org/wiki/Software_license}
} 
